<?xml version="1.0" encoding="UTF-8"?><collection xmlns="http://www.loc.gov/MARC21/slim"><record><leader>00415nam--2200157-i-4500</leader><controlfield tag="001">000010333</controlfield><controlfield tag="002">20161230</controlfield><controlfield tag="005">20161230201028</controlfield><controlfield tag="008">060222s1000------------r-----000-0-eng-d</controlfield><datafield ind1=" " ind2=" " tag="080"><subfield code="a">513.83</subfield></datafield><datafield ind1=" " ind2=" " tag="100"><subfield code="a">Bourbaki, N</subfield></datafield><datafield ind1=" " ind2=" " tag="245"><subfield code="a">Topologie generale. chap.: 1 a 4</subfield></datafield><datafield ind1=" " ind2=" " tag="260"><subfield code="a">Paris, Hermann, 1972 Xv + /Pag.Dif.</subfield></datafield><datafield ind1=" " ind2=" " tag="490"><subfield code="a">Elements Dse Mathematique, Tg</subfield></datafield><datafield ind1=" " ind2=" " tag="852"><subfield code="a">37233</subfield><subfield code="c">513.83</subfield></datafield><datafield ind1=" " ind2=" " tag="CAT"><subfield code="a">Sys</subfield><subfield code="c">20080606</subfield><subfield code="h">104935</subfield></datafield></record></collection>